<record><leader>00000cas a2200000 a 4500</leader><controlfield tag="001">40421545</controlfield><controlfield tag="008">981201d189u189umiudn n       0    0eng c</controlfield><datafield ind1=" " ind2=" " tag="010"><subfield code="a">sn 98066411 </subfield></datafield><datafield ind1=" " ind2=" " tag="040"><subfield code="a">MHN</subfield><subfield code="b">eng</subfield><subfield code="c">MHN</subfield><subfield code="d">OCL</subfield><subfield code="d">OCLCQ</subfield><subfield code="d">OCLCF</subfield><subfield code="d">OCLCO</subfield></datafield><datafield ind1="1" ind2=" " tag="029"><subfield code="a">AU@</subfield><subfield code="b">000014355948</subfield></datafield><datafield ind1=" " ind2=" " tag="042"><subfield code="a">pcc</subfield></datafield><datafield ind1=" " ind2=" " tag="043"><subfield code="a">n-us-mi</subfield></datafield><datafield ind1="0" ind2="4" tag="245"><subfield code="a">The Grand Haven daily news.</subfield></datafield><datafield ind1="1" ind2="3" tag="246"><subfield code="a">Daily news</subfield></datafield><datafield ind1=" " ind2=" " tag="260"><subfield code="a">Grand Haven, Mich. :</subfield><subfield code="b">News Print. Co.</subfield></datafield><datafield ind1=" " ind2=" " tag="300"><subfield code="a">v.</subfield></datafield><datafield ind1=" " ind2=" " tag="310"><subfield code="a">Daily</subfield></datafield><datafield ind1=" " ind2=" " tag="580"><subfield code="a">Continues: Grand Haven news (Grand Haven, Mich. : 1894).</subfield></datafield><datafield ind1=" " ind2=" " tag="580"><subfield code="a">Continued by: Grand Haven news (Grand Haven, Mich. : 1897).</subfield></datafield><datafield ind1=" " ind2=" " tag="588"><subfield code="a">Description based on: Vol. 1, no. 42 (Aug. 24, 1895).</subfield></datafield><datafield ind1=" " ind2="0" tag="651"><subfield code="a">Grand Haven (Mich.)</subfield><subfield code="v">Newspapers.</subfield></datafield><datafield ind1=" " ind2="0" tag="651"><subfield code="a">Ottawa County (Mich.)</subfield><subfield code="v">Newspapers.</subfield></datafield><datafield ind1=" " ind2="7" tag="655"><subfield code="a">Newspapers.</subfield><subfield code="2">fast</subfield><subfield code="0">(OCoLC)fst01423814</subfield></datafield><datafield ind1=" " ind2="7" tag="651"><subfield code="a">Michigan</subfield><subfield code="z">Grand Haven.</subfield><subfield code="2">fast</subfield><subfield code="0">(OCoLC)fst01221266</subfield></datafield><datafield ind1=" " ind2="7" tag="651"><subfield code="a">Michigan</subfield><subfield code="z">Ottawa County.</subfield><subfield code="2">fast</subfield><subfield code="0">(OCoLC)fst01214763</subfield></datafield><datafield ind1=" " ind2=" " tag="752"><subfield code="a">United States</subfield><subfield code="b">Michigan</subfield><subfield code="c">Ottawa</subfield><subfield code="d">Grand Haven.</subfield></datafield><datafield ind1="1" ind2="0" tag="780"><subfield code="t">Grand Haven news (Grand Haven, Mich. : 1894)</subfield><subfield code="w">(DLC)sn 98066416</subfield><subfield code="w">(OCoLC)40421581</subfield></datafield><datafield ind1="1" ind2="0" tag="785"><subfield code="t">Grand Haven news (Grand Haven, Mich. : 1897)</subfield><subfield code="w">(DLC)sn 98066421</subfield><subfield code="w">(OCoLC)40421115</subfield></datafield></record>